<?xml version="1.0" encoding="UTF-8"?>
<collection xmlns:xsi="http://www.w3.org/2001/XMLSchema-instance" xsi:schemaLocation="http://www.loc.gov/MARC21/slim http://www.loc.gov/standards/marcxml/schema/MARC21slim.xsd" xmlns="http://www.loc.gov/MARC21/slim">
<record>
  <leader>00814cam a2200229 a 4500</leader>
  <controlfield tag="001">3076930</controlfield>
  <controlfield tag="003">NNC</controlfield>
  <controlfield tag="005">20130426015800.0</controlfield>
  <controlfield tag="008">940902s1908    ua       b    000 0 ara d</controlfield>
  <datafield tag="035" ind1=" " ind2=" ">
    <subfield code="a">(OCoLC)ocm31050902</subfield>
  </datafield>
  <datafield tag="035" ind1=" " ind2=" ">
    <subfield code="9">ATQ0546CU</subfield>
  </datafield>
  <datafield tag="035" ind1=" " ind2=" ">
    <subfield code="a">(NNC)3076930</subfield>
  </datafield>
  <datafield tag="040" ind1=" " ind2=" ">
    <subfield code="a">GZM</subfield>
    <subfield code="c">GZM</subfield>
    <subfield code="d">ZCU</subfield>
  </datafield>
  <datafield tag="099" ind1=" " ind2=" ">
    <subfield code="a">893.783</subfield>
    <subfield code="a">T32</subfield>
  </datafield>
  <datafield tag="100" ind1="1" ind2=" ">
    <subfield code="a">Thaʻālibī, ʻAbd al-Malik ibn Muḥammad,</subfield>
    <subfield code="d">961 or 962-1037 or 1038.</subfield>
  </datafield>
  <datafield tag="240" ind1="1" ind2="0">
    <subfield code="a">Thimār al-qulūb</subfield>
  </datafield>
  <datafield tag="245" ind1="1" ind2="0">
    <subfield code="a">Kitāb Thimār al-qulūb :</subfield>
    <subfield code="b">fī al-muḍāf wa-al-mansūb /</subfield>
    <subfield code="c">taʾlīf Abī Manṣūr ʻAbd al-Malik ibn Muḥammad al-Thaʻālibī al-Nīsābūrī.</subfield>
  </datafield>
  <datafield tag="260" ind1=" " ind2=" ">
    <subfield code="a">al-Qāhirah :</subfield>
    <subfield code="b">Maṭbaʻat al-Ẓāhir,</subfield>
    <subfield code="c">1908.</subfield>
  </datafield>
  <datafield tag="300" ind1=" " ind2=" ">
    <subfield code="a">4, 560 p. ;</subfield>
    <subfield code="c">24 cm.</subfield>
  </datafield>
  <datafield tag="504" ind1=" " ind2=" ">
    <subfield code="a">Includes bibliographical references.</subfield>
  </datafield>
  <datafield tag="650" ind1=" " ind2="0">
    <subfield code="a">Proverbs, Arabic.</subfield>
  </datafield>
  <datafield tag="955" ind1=" " ind2=" ">
    <subfield code="b">CU07842350</subfield>
    <subfield code="d">off,glx</subfield>
    <subfield code="e">893.783 T32</subfield>
  </datafield>
</record>
</collection>